<?xml version="1.0" encoding="UTF-8"?>
<collection xmlns:xsi="http://www.w3.org/2001/XMLSchema-instance" xsi:schemaLocation="http://www.loc.gov/MARC21/slim http://www.loc.gov/standards/marcxml/schema/MARC21slim.xsd" xmlns="http://www.loc.gov/MARC21/slim">
<record>
  <leader>01038cam a2200265 a 4500</leader>
  <controlfield tag="001">9629137</controlfield>
  <controlfield tag="003">NNC</controlfield>
  <controlfield tag="005">20130917024427.0</controlfield>
  <controlfield tag="008">120828s1931    ua            000 0 ara d</controlfield>
  <datafield tag="035" ind1=" " ind2=" ">
    <subfield code="a">(OCoLC)856640922</subfield>
  </datafield>
  <datafield tag="035" ind1=" " ind2=" ">
    <subfield code="a">(OCoLC)ocn856640922</subfield>
  </datafield>
  <datafield tag="035" ind1=" " ind2=" ">
    <subfield code="a">(NNC)9629137</subfield>
  </datafield>
  <datafield tag="040" ind1=" " ind2=" ">
    <subfield code="a">NNC</subfield>
    <subfield code="b">NNC</subfield>
  </datafield>
  <datafield tag="041" ind1="0" ind2=" ">
    <subfield code="a">ara</subfield>
  </datafield>
  <datafield tag="050" ind1=" " ind2="4">
    <subfield code="a">BP184.7</subfield>
    <subfield code="b">.M35 1931</subfield>
  </datafield>
  <datafield tag="100" ind1="1" ind2=" ">
    <subfield code="6">880-01</subfield>
    <subfield code="a">Makhlūf, Muḥammad Ḥasanayn.</subfield>
  </datafield>
  <datafield tag="245" ind1="1" ind2="0">
    <subfield code="6">880-02</subfield>
    <subfield code="a">Dalīl al-ḥājj /</subfield>
    <subfield code="c">li-wāḍiʻih Muḥammad Ḥasanayn Makhlūf al-ʻAdawī al-Mālikī.</subfield>
  </datafield>
  <datafield tag="260" ind1=" " ind2=" ">
    <subfield code="6">880-03</subfield>
    <subfield code="a">Miṣr :</subfield>
    <subfield code="b">Muṣṭafá al-Bābī al-Ḥalabī,</subfield>
    <subfield code="c">1349 [1931]</subfield>
  </datafield>
  <datafield tag="300" ind1=" " ind2=" ">
    <subfield code="a">72 p. ;</subfield>
    <subfield code="c">20 cm.</subfield>
  </datafield>
  <datafield tag="650" ind1=" " ind2="0">
    <subfield code="a">Muslim pilgrims and pilgrimages.</subfield>
  </datafield>
  <datafield tag="650" ind1=" " ind2="0">
    <subfield code="a">Pilgrims and pilgrimages</subfield>
    <subfield code="z">Saudi Arabia</subfield>
    <subfield code="z">Mecca.</subfield>
  </datafield>
  <datafield tag="880" ind1="1" ind2=" ">
    <subfield code="6">100-01/r</subfield>
    <subfield code="a">مخلوف، محمد حسنين.</subfield>
  </datafield>
  <datafield tag="880" ind1="1" ind2="0">
    <subfield code="6">245-02/r</subfield>
    <subfield code="a">دليل الحاج /</subfield>
    <subfield code="c">لواضعه محمد حسنين مخلوف العدوي المالكي.</subfield>
  </datafield>
  <datafield tag="880" ind1=" " ind2=" ">
    <subfield code="6">260-03/r</subfield>
    <subfield code="a">مصر :</subfield>
    <subfield code="b">مصطفى البابي،</subfield>
    <subfield code="c">1349 [1931]</subfield>
  </datafield>
  <datafield tag="955" ind1=" " ind2=" ">
    <subfield code="b">CU90459032</subfield>
    <subfield code="d">off,glx</subfield>
    <subfield code="e">BP184.7 .M35 1931g</subfield>
  </datafield>
</record>
</collection>